@article{andrews1995,
  title={Nonparametric kernel estimation for semiparametric models},
  author={Andrews, D.W.K.},
  journal={Econometric Theory},
  volume={11},
  pages={560--560},
  year={1995},
  publisher={Cambridge Univ Press}
}

@unpublished{bandi2004,
  title={On persistence and nonparametric estimation (with an application to stock return predictability)},
  author={Bandi, F.},
  journal={Unpublished manuscript},
  year={2004}
}

@article{berman1969,
  title={Local times and sample function properties of stationary Gaussian processes},
  author={Berman, S.M.},
  journal={Trans. Amer. Math. Soc},
  volume={137},
  pages={277--299},
  year={1969}
}

@book{bosq1998,
  title={Nonparametric statistics for stochastic processes: estimation and prediction},
  author={Bosq, D.},
  volume={110},
  year={1998},
  publisher={Springer Verlag}
}

@article{cailipark2009,
  title={Functional-coefficient models for nonstationary time series data},
  author={Cai, Z. and Li, Q. and Park, J.Y.},
  journal={Journal of Econometrics},
  volume={148},
  number={2},
  pages={101--113},
  year={2009},
  publisher={Elsevier}
}

@article{changpark2010,
  title={Endogeneity in nonlinear regressions with integrated time series},
  author={Chang, Y. and Park, J.Y.},
  journal={Econometric Reviews},
  volume={30},
  number={1},
  pages={51--87},
  year={2010},
  publisher={Taylor \& Francis}
}

@article{changparkphillips2001,
  title={Nonlinear econometric models with cointegrated and deterministically trending regressors},
  author={Chang, Y. and Park, J.Y. and Phillips, P.C.B.},
  journal={The Econometrics Journal},
  volume={4},
  number={1},
  pages={1--36},
  year={2001},
  publisher={Wiley Online Library}
}

@article{changpark2003,
  title={Index models with integrated time series},
  author={Chang, Y. and Park, J.Y.},
  journal={Journal of econometrics},
  volume={114},
  number={1},
  pages={73--106},
  year={2003},
  publisher={Elsevier}
}

@article{chen1999,
  title={How often does a Harris recurrent Markov chain recur?},
  author={Chen, X.},
  journal={The Annals of Probability},
  volume={27},
  number={3},
  pages={1324--1346},
  year={1999},
  publisher={Institute of Mathematical Statistics}
}

@article{chen2000,
  title={On the limit laws of the second order for additive functionals of Harris recurrent Markov chains},
  author={Chen, X.},
  journal={Probability theory and related fields},
  volume={116},
  number={1},
  pages={89--123},
  year={2000},
  publisher={Springer}
}

@article{choisaikkonen2010,
  title={Tests for nonlinear cointegration},
  author={Choi, I. and Saikkonen, P.},
  journal={Econometric Theory},
  volume={26},
  number={3},
  year={2010},
  publisher={Cambridge Univ Press}
}

@article{dejong2002,
  title={Nonlinear estimators with integrated regressors but without exogeneity},
  author={de Jong, R.M.},
  journal={Manuscript, Michigan State University-East Lansing, Department of Economics},
  year={2002}
}

@article{diaconis1999,
  title={Iterated random functions},
  author={Diaconis, P. and Freedman, D.},
  journal={SIAM review},
  pages={45--76},
  year={1999},
  publisher={JSTOR}
}

@book{feller1971,
  title={An Introduction to Probability Theory and Its Applications, vol II, 2nd edition},
  author={Feller, W.},
  publisher={Wiley New York},
  year={1971}
}

@book{fanyao2003,
  title={Nonlinear time series: Nonparametric and parametric methods},
  author={Fan, J. and Yao, Q.},
  year={2003},
  publisher={Springer Verlag}
}

@article{gaokinglutjostheim2009,
  title={Specification testing in nonlinear and nonstationary time series autoregression},
  author={Gao, J. and King, M. and Lu, Z. and Tj\"{o}stheim, D.},
  journal={The Annals of Statistics},
  volume={37},
  number={6B},
  pages={3893--3928},
  year={2009},
  publisher={Institute of Mathematical Statistics}
}

@article{gaolitjostheim2011,
  title={Uniform Consistency for Nonparametric Estimators in Null Recurrent Time Series},
  author={Gao, J. and Li, D. and Tj\"{o}stheim, D.},
  journal={Monash Econometrics and Business Statistics Working Papers},
  year={2011},
  publisher={Monash University, Department of Econometrics and Business Statistics}
}

@article{grangerterasvirta1993,
  title={Modelling non-linear economic relationships},
  author={Granger, C.W.J. and Ter\"{a}svirta, T.},
  journal={OUP Catalogue},
  year={1993},
  publisher={Oxford University Press}
}

@article{guerre2004design,
  title={Design-Adaptive Pointwise Non-Parametric Regression Estimation for Recurrent Markov Time Series},
  author={Guerre, E.},
  journal={CREST Working Paper No. 2004-22},
  year={2004}
}

@book{hallheyde1980,
  title={Martingale limit theory and its application},
  author={Hall, P. and Heyde, C.C.},
  volume={142},
  year={1980},
  publisher={Academic press New York}
}

@article{hansen1992,
  title={Convergence to stochastic integrals for dependent heterogeneous processes},
  author={Hansen, B.E.},
  journal={Econometric Theory},
  volume={8},
  number={04},
  pages={489--500},
  year={1992},
  publisher={Cambridge Univ Press}
}

@article{hansen2008,
  title={Uniform convergence rates for kernel estimation with dependent data},
  author={Hansen, B.E.},
  journal={Econometric Theory},
  volume={24},
  number={3},
  pages={726--748},
  year={2008},
  publisher={Cambridge Univ Press}
}

@article{ibragimovphillips2008,
  title={Regression asymptotics using martingale convergence methods},
  author={Ibragimov, R. and Phillips, P.C.B.},
  journal={Econometric Theory},
  volume={24},
  number={4},
  pages={888--947},
  year={2008},
  publisher={Cambridge Univ Press}
}

@article{jaganathan2008,
  title={Limit theorems for functional sums that converge to fractional Brownian and stable motions},
  author={Jaganathan, P.},
  journal={Cowles Foundation Discussion Paper},
  year={2008},
  publisher={Yale University. Cowles Foundation for Research in Economics}
}

@article{karlsentjostheim2001,
  title={Nonparametric estimation in null recurrent time series},
  author={Karlsen, H.A. and Tj{\ o}stheim, D.},
  journal={Annals of Statistics},
  pages={372--416},
  year={2001},
  publisher={JSTOR}
}

@article{karlsenmyklebusttjostheim2007,
  title={Nonparametric estimation in a nonlinear cointegration type model},
  author={Karlsen, H.A. and Myklebust, T. and Tj{\o}stheim, D.},
  journal={The Annals of Statistics},
  volume={35},
  number={1},
  pages={252--299},
  year={2007},
  publisher={Institute of Mathematical Statistics}
}

@article{kurtzprotter1991,
  title={Weak limit theorems for stochastic integrals and stochastic differential equations},
  author={Kurtz, T.G. and Protter, P.},
  journal={The Annals of Probability},
  volume={19},
  number={3},
  pages={1035--1070},
  year={1991},
  publisher={Institute of Mathematical Statistics}
}

@article{kristensen2009,
  title={Uniform convergence rates of kernel estimators with heterogeneous, dependent data},
  author={Kristensen, D.},
  journal={Econometric Theory},
  volume={25},
  number={05},
  pages={1433--1445},
  year={2009},
  publisher={Cambridge Univ Press}
}

@article{lai1994,
  title={Asymptotic properties of nonlinear least squares estimates in stochastic regression models},
  author={Lai, T.L.},
  journal={The Annals of Statistics},
  volume={22},
  number={4},
  pages={1917--1930},
  year={1994},
  publisher={Institute of Mathematical Statistics}
}

@article{liebscher1996,
  title={Strong convergence of sums of $\alpha$-mixing random variables with applications to density estimation},
  author={Liebscher, E.},
  journal={Stochastic Processes and their Applications},
  volume={65},
  number={1},
  pages={69--80},
  year={1996},
  publisher={Elsevier}
}

@article{liero1989,
  title={Strong uniform consistency of nonparametric regression function estimates},
  author={Liero, H.},
  journal={Probability theory and related fields},
  volume={82},
  number={4},
  pages={587--614},
  year={1989},
  publisher={Springer}
}

@article{masry1996,
  title={Multivariate local polynomial regression for time series: uniform strong consistency and rates},
  author={Masry, E.},
  journal={Journal of Time Series Analysis},
  volume={17},
  number={6},
  pages={571--599},
  year={1996},
  publisher={Wiley Online Library}
}

@book{nummelin2004,
  title={General irreducible Markov chains and non-negative operators},
  author={Nummelin, E.},
  volume={83},
  year={2004},
  publisher={Cambridge Univ Pr}
}

@article{nzedoukhan2004,
  title={Weak dependence: models and applications to econometrics},
  author={Nze, P.A. and Doukhan, P.},
  journal={Econometric Theory},
  volume={20},
  pages={995--1045},
  year={2004},
  publisher={Cambridge Univ Press}
}

@article{parkphillips1999,
  title={Asymptotics for nonlinear transformations of integrated time series},
  author={Park, J.Y. and Phillips, P.C.B.},
  journal={Econometric Theory},
  volume={15},
  number={3},
  pages={269--298},
  year={1999},
  publisher={Cambridge Univ Press}
}

@article{parkphillips2001,
  title={Nonlinear regressions with integrated time series},
  author={Park, J.Y. and Phillips, P.C.B.},
  journal={Econometrica},
  volume={69},
  number={1},
  pages={117--161},
  year={2001},
  publisher={Wiley Online Library}
}

@article{peligrad1992,
  title={Properties of uniform consistency of the kernel estimators of density and regression functions under dependence assumptions},
  author={Peligrad, M.},
  journal={Stochastics: An International Journal of Probability and Stochastic Processes},
  volume={40},
  number={3-4},
  pages={147--168},
  year={1992},
  publisher={Taylor \& Francis}
}

@article{phillipspark1998,
  title={Nonstationary density estimation and kernel autoregression},
  author={Phillips, P.C.B. and Park, J.Y.},
  journal={Cowles Foundation Discussion Paper},
  year={1998},
  publisher={Yale University. Cowles Foundation for Research in Economics}
}

@article{delapena1999,
  title={A general class of exponential inequalities for martingales and ratios},
  author={De La Pe{\~n}a, V.H.},
  journal={The Annals of Probability},
  volume={27},
  number={1},
  pages={537--564},
  year={1999},
  publisher={Institute of Mathematical Statistics}
}

@article{shiphillips2010,
  title={Nonlinear Cointegrating Regression Under Weak Identification},
  author={Shi, X. and Phillips, P.C.B.},
  journal={Econometric Theory},
  volume={1},
  number={1},
  pages={1--39},
  year={2010},
  publisher={Cambridge Univ Press}
}

@book{shorackwellner1986,
  title={Empirical processes with applications to statistics},
  author={Shorack, R. and Wellner, J.},
  volume={142},
  year={1986},
  publisher={Wiley Series in Probability and Statistics}
}

@article{skouras2000,
  title={Strong consistency in nonlinear stochastic regression models},
  author={Skouras, K.},
  journal={The Annals of Statistics},
  volume={28},
  number={3},
  pages={871--879},
  year={2000},
  publisher={Institute of Mathematical Statistics}
}

@article{terasvirtatjostheimgranger2010,
  title={Modelling nonlinear economic time series},
  author={Terasvirta, T. and Tj\"{o}stheim, D. and Granger, C.W.J.},
  journal={OUP Catalogue},
  year={2010},
  publisher={Oxford University Press}
}

@book{tong1990,
  title={Non-linear time series: a dynamical system approach},
  author={Tong, H.},
  year={1990},
  publisher={Oxford University Press}
}

@article{wang2011,
  title={Martingale limit theorems revisited and non-linear cointegrating regression},
  author={Wang, Q.},
  journal={Working Paper},
  publisher={University of Sydney},
  year={2011}
}

@article{wanglingulati2003,
  title={Asymptotics for general fractionally integrated processes with applications to unit root tests},
  author={Wang, Q. and Lin, Y.X. and Gulati, C.M.},
  journal={Econometric Theory},
  volume={19},
  number={1},
  pages={143--164},
  year={2003},
  publisher={Cambridge Univ Press}
}

@article{wangphillips2009,
  title={Structural nonparametric cointegrating regression},
  author={Wang, Q. and Phillips, P.C.B.},
  journal={Econometrica},
  volume={77},
  number={6},
  pages={1901--1948},
  year={2009},
  publisher={Wiley Online Library}
}

@article{wangphillips2010a,
  title={Asymptotic theory for local time density estimation and nonparametric cointegrating regression},
  author={Wang, Q. and Phillips, P.C.B.},
  journal={Econometric Theory},
  volume={25},
  number={3},
  pages={710--738},
  year={2010},
  publisher={Cambridge Univ Press}
}

@article{wangphillips2010b,
  title={Asymptotic theory for zero energy functionals with nonparametric regression applications},
  author={Wang, Q. and Phillips, P.C.B.},
  journal={Econometric Theory},
  volume={27},
  number={2},
  pages={235--259},
  year={2010},
  publisher={Cambridge Univ Press}
}

@article{wangphillips2012,
  title={A specification test for nonlinear nonstationary models},
  author={Wang, Q. and Phillips, P.C.B.},
  journal={The Annals of Statistics},
  volume={40},
  number={2},
  pages={727--758},
  year={2012},
  publisher={Institute of Mathematical Statistics}
}

@article{wangwang2012,
  title={Non-parametric cointegrating regression with NNH errors},
  author={Wang, Q. and Wang, Y.X.R.},
  journal={Econometric Theory},
  volume={27},
  number={2},
  pages={235--259},
  year={2012},
  publisher={Cambridge Univ Press}
}

@article{wu1981,
  title={Asymptotic theory of nonlinear least squares estimation},
  author={Wu, C.F.},
  journal={The Annals of Statistics},
  pages={501--513},
  year={1981},
  publisher={JSTOR}
}

@article{wuhuanghuang2010,
  title={Kernel estimation for time series: An asymptotic theory},
  author={Wu, W.B. and Huang, Y. and Huang, Y.},
  journal={Stochastic Processes and their Applications},
  volume={120},
  number={12},
  pages={2412--2431},
  year={2010},
  publisher={Elsevier}
}

@article{wushao2004,
  title={Limit theorems for iterated random functions},
  author={Wu, W.B. and Shao, X.},
  journal={Journal of Applied Probability},
  volume={41},
  number={2},
  pages={425--436},
  year={2004},
  publisher={Applied Probability Trust}
}

